@inbook{paragios2006handbook,
  title={Handbook of mathematical models in computer vision},
  chapter={Image Alignment and Sitching},
  pages= {273â€“-292},
  author={R. Szeliski},
  year={2004},
  publisher={Springer}
}

@article{brown2007automatic,
  title={Automatic panoramic image stitching using invariant features},
  author={Brown, Matthew and Lowe, David G},
  journal={International journal of computer vision},
  volume={74},
  number={1},
  pages={59--73},
  year={2007},
  publisher={Springer}
}

@book{hartley2003multiple,
  title={Multiple view geometry in computer vision},
  author={Hartley, Richard and Zisserman, Andrew},
  year={2003},
  publisher={Cambridge university press}
}

@inproceedings{zhang2014parallax,
  title={Parallax-tolerant image stitching},
  author={Zhang, Fan and Liu, Feng},
  booktitle={Proceedings of the IEEE Conference on Computer Vision and Pattern Recognition},
  year={2014}
}

@inproceedings{gao2013seam,
  title={Seam-Driven Image Stitching},
  author={Gao, Junhong and Li, Yu and Chin, Tat-Jun and Brown, Michael S},
  booktitle={Eurographics},
  year={2013}
}

@article{agarwala2004interactive,
  title={Interactive digital photomontage},
  author={Agarwala, Aseem and Dontcheva, Mira and Agrawala, Maneesh and Drucker, Steven and Colburn, Alex and Curless, Brian and Salesin, David and Cohen, Michael},
  journal={ACM Transactions on Graphics},
  volume={23},
  number={3},
  pages={294--302},
  year={2004},
  publisher={ACM}
}

@inproceedings{lin2011smoothly,
  title={Smoothly varying affine stitching},
  author={Lin, Wen-Yan and Liu, Siying and Matsushita, Yasuyuki and Ng, Tian-Tsong and Cheong, Loong-Fah},
  booktitle={Proceedings of the IEEE Conference on Computer Vision and Pattern Recognition},
  year={2011}
}

@inproceedings{chang2014shape,
  title={Shape-preserving half-projective warps for image stitching},
  author={Chang, Che-Han and Sato, Yoichi and Chuang, Yung-Yu},
  booktitle={Proceedings of the IEEE Conference on Computer Vision and Pattern Recognition},
  year={2014}
}

@inproceedings{zaragoza2013projective,
  title={As-projective-as-possible image stitching with moving DLT},
  author={Zaragoza, Julio and Chin, Tat-Jun and Brown, Michael S and Suter, David},
  booktitle={Proceedings of the IEEE Conference on Computer Vision and Pattern Recognition},
  year={2013}
}

@inproceedings{gao2011constructing,
  title={Constructing image panoramas using dual-homography warping},
  author={Gao, Junhong and Kim, Seon Joo and Brown, Michael S},
  booktitle={Proceedings of the IEEE Conference on Computer Vision and Pattern Recognition},
  year={2011}
}

@inproceedings{lin2015adaptive,
  title={Adaptive as-natural-as-possible image stitching},
  author={Lin, Chung-Ching and Pankanti, Sharathchandra U and Natesan Ramamurthy, Karthikeyan and Aravkin, Aleksandr Y},
  booktitle={Proceedings of the IEEE Conference on Computer Vision and Pattern Recognitio},
  year={2015}
}

@inproceedings{zheng2008stitching,
  title={Stitching video from webcams},
  author={Zheng, Mai and Chen, Xiaolin and Guo, Li},
  booktitle={International Symposium on Visual Computing},
  year={2008}
}

@inproceedings{he2010panoramic,
  title={Panoramic video stitching in multi-camera surveillance system},
  author={He, Bin and Zhao, Gang and Liu, Qifang},
  booktitle={Image and Vision Computing New Zealand},
  year={2010}
}

@InProceedings{Jiang_2015_CVPR_Workshops,
  author = {Jiang, Wei and Gu, Jinwei},
  title = {Video Stitching With Spatial-Temporal Content-Preserving Warping},
  booktitle = {The IEEE Conference on Computer Vision and Pattern Recognition Workshops},
  year = {2015}
}

@inproceedings{perazzi2015panoramic,
  title={Panoramic video from unstructured camera arrays},
  author={Perazzi, Federico and Sorkine-Hornung, Alexander and Zimmer, Henning and Kaufmann, Peter and Wang, Oliver and Watson, S and Gross, M},
  booktitle={Computer Graphics Forum},
  volume={34},
  number={2},
  pages={57--68},
  year={2015},
  organization={Wiley Online Library}
}

@article{li2015efficient,
  title={Efficient video stitching based on fast structure deformation},
  author={Li, Jing and Xu, Wei and Zhang, Jianguo and Zhang, Maojun and Wang, Zhengming and Li, Xuelong},
  journal={IEEE Transactions on Cybernetics},
  volume={45},
  number={12},
  pages={2707--2719},
  year={2015},
  publisher={IEEE}
}

@inproceedings{lin2016seamless,
  title={Seamless video stitching from hand-held camera inputs},
  author={Lin, Kaimo and Liu, Shuaicheng and Cheong, Loong-Fah and Zeng, Bing},
  booktitle={Computer Graphics Forum},
  volume={35},
  number={2},
  pages={479--487},
  year={2016},
  organization={Wiley Online Library}
}

@article{guo2016joint,
  title={Joint video stitching and stabilization from moving cameras},
  author={Guo, Heng and Liu, Shuaicheng and He, Tong and Zhu, Shuyuan and Zeng, Bing and Gabbouj, Moncef},
  journal={IEEE Transactions on Image Processing},
  volume={25},
  number={11},
  pages={5491--5503},
  year={2016},
  publisher={IEEE}
}

@article{nie2018dynamic, 
  title={Dynamic Video Stitching via Shakiness Removing}, 
  author={Nie, Yongwei and Su, Tan and Zhang, Zhensong and Sun, Hanqiu and Li, Guiqing}, 
  journal={IEEE Transactions on Image Processing}, 
  volume={27}, 
  number={1}, 
  pages={164--178}, 
  year={2018}, 
  publisher={IEEE} 
}

@inproceedings{scaramuzza2006toolbox,
  title={A toolbox for easily calibrating omnidirectional cameras},
  author={Scaramuzza, Davide and Martinelli, Agostino and Siegwart, Roland},
  booktitle={Proceedings to IEEE International Conference on Intelligent Robots and Systems},
  year={2006},
}

@inproceedings{xie2015holistically,
  title={Holistically-nested edge detection},
  author={Xie, Saining and Tu, Zhuowen},
  booktitle={Proceedings of the IEEE International Conference on Computer Vision},
  year={2015}
}


@article{boykov2004experimental,
  title={An experimental comparison of min-cut/max-flow algorithms for energy minimization in vision},
  author={Boykov, Yuri and Kolmogorov, Vladimir},
  journal={IEEE Transactions on Pattern Analysis and Machine Intelligence},
  volume={26},
  number={9},
  pages={1124--1137},
  year={2004},
  publisher={IEEE}
}



@misc{videostitching,
  howpublished = {http://www.video-stitch.com/studio/.},
}

@misc{autopano,
  howpublished = {http://www.kolor.com/autopano/.},
}

@article{zhang2000flexible,
  title={A flexible new technique for camera calibration},
  author={Zhang, Zhengyou},
  journal={IEEE Transactions on Pattern Analysis and Machine Intelligence},
  volume={22},
  year={2000}
}

@article{he2016parallax,
  title={Parallax-robust surveillance video stitching},
  author={He, Botao and Yu, Shaohua},
  journal={Sensors},
  volume={16},
  number={1},
  pages={7},
  year={2016},
  publisher={Multidisciplinary Digital Publishing Institute}
}



